<record><leader>00000cas a22000007a 4500</leader><controlfield tag="001">10964984</controlfield><controlfield tag="008">840719d19151922moudn ne      0    0eng d</controlfield><datafield ind1=" " ind2=" " tag="010"><subfield code="a">sn 84024282 </subfield></datafield><datafield ind1=" " ind2=" " tag="040"><subfield code="a">NPV</subfield><subfield code="b">eng</subfield><subfield code="c">NPV</subfield><subfield code="d">MQN</subfield><subfield code="d">OCLCQ</subfield></datafield><datafield ind1=" " ind2=" " tag="042"><subfield code="a">msc</subfield></datafield><datafield ind1=" " ind2=" " tag="043"><subfield code="a">n-us-mo</subfield></datafield><datafield ind1="0" ind2="4" tag="245"><subfield code="a">The Democrat-tribune.</subfield></datafield><datafield ind1="1" ind2="3" tag="246"><subfield code="a">Daily democrat tribune</subfield></datafield><datafield ind1=" " ind2=" " tag="260"><subfield code="a">Jefferson City, Mo. :</subfield><subfield code="b">Cole County Democrat Print. Co.,</subfield><subfield code="c">1915-1922.</subfield></datafield><datafield ind1=" " ind2=" " tag="300"><subfield code="a">v. :</subfield><subfield code="b">ill. (chiefly adv.) ;</subfield><subfield code="c">58 cm.</subfield></datafield><datafield ind1=" " ind2=" " tag="310"><subfield code="a">Daily (except Sun.)</subfield></datafield><datafield ind1="0" ind2=" " tag="362"><subfield code="a">Vol. 5, no. 116 (May 5, 1915)-v. 45, no. 258 (Mar. 11, 1922).</subfield></datafield><datafield ind1=" " ind2=" " tag="580"><subfield code="a">Weekly eds.: Weekly democrat-tribune, May 5, 1915-&lt;1917?&gt;; Mosby's Missouri message, &lt;Jan. 11, 1918&gt;-Mar. 11, 1922.</subfield></datafield><datafield ind1=" " ind2=" " tag="752"><subfield code="a">United States</subfield><subfield code="b">Missouri</subfield><subfield code="c">Cole</subfield><subfield code="d">Jefferson City.</subfield></datafield><datafield ind1="1" ind2=" " tag="775"><subfield code="t">Weekly democrat-tribune</subfield><subfield code="w">(DLC)sn 90061589</subfield></datafield><datafield ind1="1" ind2=" " tag="775"><subfield code="t">Mosby's Missouri message</subfield><subfield code="w">(DLC)sn 90061590</subfield></datafield><datafield ind1="0" ind2="0" tag="780"><subfield code="t">Daily democrat-tribune (Jefferson City, Mo. : 1910)</subfield><subfield code="w">(DLC)sn 90061584</subfield></datafield><datafield ind1="0" ind2="0" tag="785"><subfield code="t">Daily democrat-tribune (Jefferson City, Mo. : 1922)</subfield><subfield code="w">(DLC)sn 90061585</subfield></datafield></record>